<record><leader>00000cas a2200000 a 4500</leader><controlfield tag="001">8807377</controlfield><controlfield tag="008">820925d18641874iluwr ne      0   a0eng  </controlfield><datafield ind1=" " ind2=" " tag="010"><subfield code="a">sn 82015369 </subfield></datafield><datafield ind1=" " ind2=" " tag="040"><subfield code="a">DLC</subfield><subfield code="b">eng</subfield><subfield code="c">DLC</subfield><subfield code="d">NPV</subfield><subfield code="d">NPX</subfield><subfield code="d">NPU</subfield><subfield code="d">NPA</subfield><subfield code="d">UNP</subfield><subfield code="d">MGN</subfield><subfield code="d">NVF</subfield><subfield code="d">OCL</subfield><subfield code="d">CVF</subfield><subfield code="d">NVF</subfield><subfield code="d">OCLCO</subfield><subfield code="d">OCLCQ</subfield><subfield code="d">OCLCF</subfield><subfield code="d">NVF</subfield></datafield><datafield ind1=" " ind2=" " tag="042"><subfield code="a">pcc</subfield></datafield><datafield ind1=" " ind2=" " tag="043"><subfield code="a">n-us-il</subfield></datafield><datafield ind1="0" ind2="0" tag="050"><subfield code="a">Newspaper 7574-X</subfield></datafield><datafield ind1="0" ind2=" " tag="130"><subfield code="a">Galena weekly gazette (Galena, Ill. : 1864)</subfield></datafield><datafield ind1="1" ind2="0" tag="245"><subfield code="a">Galena weekly gazette.</subfield></datafield><datafield ind1="1" ind2="0" tag="246"><subfield code="a">Galena gazette</subfield></datafield><datafield ind1=" " ind2=" " tag="260"><subfield code="a">Galena, Ill. :</subfield><subfield code="b">Brown &amp; Shaw,</subfield><subfield code="c">1864-1874.</subfield></datafield><datafield ind1=" " ind2=" " tag="300"><subfield code="a">v. ;</subfield><subfield code="c">66 cm.</subfield></datafield><datafield ind1=" " ind2=" " tag="310"><subfield code="a">Weekly</subfield></datafield><datafield ind1="0" ind2=" " tag="362"><subfield code="a">Vol. 30, no. 14 (Feb. 16, 1864)-Jan. 16, 1874.</subfield></datafield><datafield ind1=" " ind2=" " tag="580"><subfield code="a">Daily eds.: Galena daily gazette (Galena, Ill. : 1864), 1864-1868, and: Galena evening gazette, 1868-1873, and: Galena daily gazette (Galena, Ill. : 1873), 1873-1874.</subfield></datafield><datafield ind1=" " ind2=" " tag="580"><subfield code="a">Merged with: Spirit of the press (Galena, Ill.), to form: Galena weekly gazette and spirit of the press.</subfield></datafield><datafield ind1=" " ind2="0" tag="651"><subfield code="a">Galena (Ill.)</subfield><subfield code="v">Newspapers.</subfield></datafield><datafield ind1=" " ind2="7" tag="651"><subfield code="a">Illinois</subfield><subfield code="z">Galena.</subfield><subfield code="2">fast</subfield><subfield code="0">(OCoLC)fst01207075</subfield></datafield><datafield ind1=" " ind2="7" tag="655"><subfield code="a">Newspapers.</subfield><subfield code="2">fast</subfield><subfield code="0">(OCoLC)fst01423814</subfield></datafield><datafield ind1=" " ind2=" " tag="752"><subfield code="a">United States</subfield><subfield code="b">Illinois</subfield><subfield code="c">Jo Daviess</subfield><subfield code="d">Galena.</subfield></datafield><datafield ind1="1" ind2=" " tag="775"><subfield code="t">Galena daily gazette (Galena, Ill. : 1864)</subfield><subfield code="w">(DLC)sn 82015371</subfield><subfield code="w">(OCoLC)8807390</subfield></datafield><datafield ind1="1" ind2=" " tag="775"><subfield code="t">Galena evening gazette</subfield><subfield code="w">(DLC)sn 85033703</subfield><subfield code="w">(OCoLC)12174270</subfield></datafield><datafield ind1="1" ind2=" " tag="775"><subfield code="t">Galena daily gazette (Galena, Ill. : 1873)</subfield><subfield code="w">(DLC)sn 93055938</subfield><subfield code="w">(OCoLC)28463563</subfield></datafield><datafield ind1="0" ind2=" " tag="775"><subfield code="t">Tri-weekly gazette (Galena, Ill.)</subfield></datafield><datafield ind1="0" ind2="0" tag="780"><subfield code="t">Weekly north-western gazette</subfield><subfield code="w">(DLC)sn 82015361</subfield><subfield code="w">(OCoLC)8807783</subfield></datafield><datafield ind1="1" ind2="7" tag="785"><subfield code="t">Spirit of the press (Galena, Ill.)</subfield><subfield code="w">(DLC)sn 85033704</subfield><subfield code="w">(OCoLC)12196959</subfield></datafield><datafield ind1="1" ind2="7" tag="785"><subfield code="t">Galena weekly gazette and spirit of the press</subfield><subfield code="w">(DLC)sn 84024143</subfield><subfield code="w">(OCoLC)10566350</subfield></datafield><datafield ind1="1" ind2=" " tag="029"><subfield code="a">AU@</subfield><subfield code="b">000020225373</subfield></datafield></record>